<record><leader>00000cas a2200000 a 4500</leader><controlfield tag="001">10528369</controlfield><controlfield tag="008">840316d18711887oruwr ne      0   a0eng c</controlfield><datafield ind1=" " ind2=" " tag="010"><subfield code="a">sn 84022673 </subfield></datafield><datafield ind1=" " ind2=" " tag="040"><subfield code="a">NPX</subfield><subfield code="b">eng</subfield><subfield code="c">NPX</subfield><subfield code="d">DLC</subfield><subfield code="d">NPA</subfield><subfield code="d">SLZ</subfield><subfield code="d">CNK</subfield><subfield code="d">OCLCQ</subfield><subfield code="d">OCLCG</subfield><subfield code="d">ORU</subfield><subfield code="d">DLC</subfield><subfield code="d">ORU</subfield><subfield code="d">OCLCA</subfield><subfield code="d">OCLCF</subfield><subfield code="d">OCL</subfield><subfield code="d">IUL</subfield><subfield code="d">OCLCA</subfield></datafield><datafield ind1=" " ind2=" " tag="012"><subfield code="l">a</subfield></datafield><datafield ind1="0" ind2=" " tag="022"><subfield code="a">2166-2010</subfield><subfield code="l">2166-2010</subfield><subfield code="2">1</subfield></datafield><datafield ind1=" " ind2=" " tag="042"><subfield code="a">pcc</subfield><subfield code="a">nsdp</subfield></datafield><datafield ind1=" " ind2=" " tag="043"><subfield code="a">n-us-or</subfield></datafield><datafield ind1="0" ind2="0" tag="050"><subfield code="a">Newspaper</subfield></datafield><datafield ind1="1" ind2="0" tag="082"><subfield code="a">071</subfield><subfield code="2">14</subfield></datafield><datafield ind1="0" ind2=" " tag="130"><subfield code="a">New Northwest (Portland, Or.)</subfield></datafield><datafield ind1=" " ind2="4" tag="222"><subfield code="a">The new Northwest (Portland, Or.)</subfield></datafield><datafield ind1="1" ind2="4" tag="245"><subfield code="a">The new Northwest.</subfield></datafield><datafield ind1=" " ind2=" " tag="260"><subfield code="3">May 5, 1871-Apr. 24, 1879:</subfield><subfield code="a">Portland, Or. :</subfield><subfield code="b">Mrs. A. J. Duniway,</subfield><subfield code="c">1871-1887.</subfield></datafield><datafield ind1="3" ind2=" " tag="260"><subfield code="3">May 1, 1879-Feb. 24, 1887:</subfield><subfield code="a">Portland, Or. :</subfield><subfield code="b">New Northwest Pub. Co.</subfield></datafield><datafield ind1=" " ind2=" " tag="300"><subfield code="a">16 volumes :</subfield><subfield code="b">ill. (chiefly advertisements) ;</subfield><subfield code="c">50-61 cm.</subfield></datafield><datafield ind1=" " ind2=" " tag="310"><subfield code="a">Weekly</subfield></datafield><datafield ind1="0" ind2=" " tag="362"><subfield code="a">Vol. 1, no. 1 (May 5, 1871)-v. 16, no. 25 (Feb. 24, 1887).</subfield></datafield><datafield ind1=" " ind2=" " tag="500"><subfield code="a">"Free speech, free press, free people."</subfield></datafield><datafield ind1=" " ind2=" " tag="500"><subfield code="a">"A journal for the people.  Devoted to the interests of humanity.  Independent in politics and religion.  Alive to all live issues, and thoroughly radical in opposing and exposing the wrongs of the masses."</subfield></datafield><datafield ind1=" " ind2=" " tag="500"><subfield code="a">Editor: Abigail Scott Duniway.</subfield></datafield><datafield ind1=" " ind2=" " tag="515"><subfield code="a">No paper issued Oct. 13, 1871.</subfield></datafield><datafield ind1=" " ind2=" " tag="530"><subfield code="a">Also available on microfilm from the University of California, Berkeley; the Micro Photo Div., Bell &amp; Howell Co.; and the Oregon Historical Society.</subfield></datafield><datafield ind1=" " ind2=" " tag="530"><subfield code="a">Archived issues are available in digital format as part of the Historic Oregon Newspaper online collection.</subfield></datafield><datafield ind1=" " ind2=" " tag="530"><subfield code="a">Archived issues are available in digital format as part of the Library of Congress Chronicling America online collection.</subfield></datafield><datafield ind1=" " ind2="0" tag="651"><subfield code="a">Portland (Or.)</subfield><subfield code="v">Newspapers.</subfield></datafield><datafield ind1=" " ind2="0" tag="650"><subfield code="a">Women</subfield><subfield code="x">Suffrage</subfield><subfield code="z">Oregon</subfield><subfield code="v">Newspapers.</subfield></datafield><datafield ind1=" " ind2="0" tag="650"><subfield code="a">Women</subfield><subfield code="x">Suffrage</subfield><subfield code="v">Newspapers.</subfield></datafield><datafield ind1=" " ind2="7" tag="651"><subfield code="a">Oregon</subfield><subfield code="z">Portland.</subfield><subfield code="2">fast</subfield><subfield code="0">(OCoLC)fst01204325</subfield></datafield><datafield ind1=" " ind2="7" tag="650"><subfield code="a">Women</subfield><subfield code="x">Suffrage.</subfield><subfield code="2">fast</subfield><subfield code="0">(OCoLC)fst01176996</subfield></datafield><datafield ind1=" " ind2="7" tag="651"><subfield code="a">Oregon.</subfield><subfield code="2">fast</subfield><subfield code="0">(OCoLC)fst01204579</subfield></datafield><datafield ind1=" " ind2="7" tag="655"><subfield code="a">Newspapers.</subfield><subfield code="2">fast</subfield><subfield code="0">(OCoLC)fst01423814</subfield></datafield><datafield ind1="1" ind2=" " tag="700"><subfield code="a">Duniway, Abigail Scott,</subfield><subfield code="d">1834-1915.</subfield></datafield><datafield ind1=" " ind2=" " tag="752"><subfield code="a">United States</subfield><subfield code="b">Oregon</subfield><subfield code="c">Multnomah</subfield><subfield code="d">Portland.</subfield></datafield><datafield ind1="0" ind2="8" tag="776"><subfield code="i">Online version:</subfield><subfield code="t">New Northwest (Portland, Or. : Online)</subfield><subfield code="w">(DLC)sn 84022673</subfield><subfield code="w">(OCoLC)778032594</subfield></datafield><datafield ind1="4" ind2="1" tag="856"><subfield code="u">http://oregonnews.uoregon.edu/lccn/sn84022673/issues</subfield></datafield><datafield ind1="4" ind2="1" tag="856"><subfield code="u">http://www.loc.gov/chroniclingamerica/lccn/sn84022673/issues</subfield></datafield><datafield ind1="1" ind2=" " tag="029"><subfield code="a">AU@</subfield><subfield code="b">000026526777</subfield></datafield></record>